@misc{permenkes889_2011,
	author = {Kementerian Kesehatan Republik Indonesia},
	title = {Peraturan Menteri Kesehatan Nomor 889/MENKES/PER/V/2011 tentang Registrasi, Izin Praktik dan Izin Kerja Tenaga Kefarmasian},
	organization = {Kementerian Kesehatan Republik Indonesia},
	note={Berita Negara RI Tahun 2011 Nomor 322},
	location = {Jakarta},
	year = {2011},
}
@misc{permenkes75-2014,
	author = {Kementerian Kesehatan Republik Indonesia},
	title = {Peraturan Menteri Kesehatan Nomor 75 Tahun 2014 Tentang Pusat Kesehatan Masyarakat},
	organization = {Kementerian Kesehatan Republik Indonesia},
	note={Berita Negara RI Tahun 2014 Nomor 1676},
	location = {Jakarta},
	year = {2014},
}
@misc{permenkes31-2016,
	author = {Kementerian Kesehatan Republik Indonesia},
	title = {Peraturan Menteri Kesehatan Nomor 31 Tahun 2016 tentang Perubahan Atas Peraturan Menteri Kesehatan Nomor 889/MENKES/PER/V/2011 tentang Registrasi, Izin Praktik dan Izin Kerja Tenaga Kefarmasian},
	organization = {Kementerian Kesehatan Republik Indonesia},
	note={Berita Negara RI Tahun 2016 Nomor 1137},
	location = {Jakarta},
	year = {2016},
}
@misc{permenkes28-2017,
	author = {Kementerian Kesehatan Republik Indonesia},
	title = {Peraturan Menteri Kesehatan Nomor 28 Tahun 2017 tentang Izin dan Penyelenggaraan Praktik Bidan},
	organization = {Kementerian Kesehatan Republik Indonesia},
	note={Berita Negara RI Tahun 2017 Nomor 954},
	location = {Jakarta},
	year = {2017},
}
@misc{permenkes4-2019,
	author = {Kementerian Kesehatan Republik Indonesia},
	title = {Peraturan Menteri Kesehatan Nomor 4 Tahun 2019 tentang Standar Teknis Pemenuhan Mutu Pelayanan Dasar Pada Standar Pelayanan Minimal Bidang Kesehatan},
	organization = {Kementerian Kesehatan Republik Indonesia},
	note={Berita Negara RI Tahun 2019 Nomor 68},
	location = {Jakarta},
	year = {2019},
}
@misc{juknis2022,
	author = {Kementerian Kesehatan Republik Indonesia},
	title = {Petunjuk Teknis Penyusunan Profil Kesehatan Kabupaten/ Kota},
	organization = {Kementerian Kesehatan Republik Indonesia},
	location = {Jakarta},
	year = {2022},
}
@misc{uu5-2003,
	author = {Pemerintah Indonesia},
	title = {Undang-Undang Republik Indonesia Nomor 5 Tahun 2003 Tentang Pembentukan Kabupaten Bangka Selatan, Kabupaten Bangka Tengah, Kabupaten Bangka Barat, Dan Kabupaten Belitung Timur Di Provinsi Kepulauan Bangka Belitung},
	organization = {Kementerian Sekretariat Negara Republik Indonesia},
	note={Lembaran Negara RI Tahun 2003 Nomor 25},
	location = {Jakarta},
	year = {2003},
}
@misc{uu29-2014,
	author = {Pemerintah Indonesia},
	title = {Undang-Undang Nomor 29 Tahun 2004 Tentang Praktik Kedokteran},
	organization = {Kementerian Sekretariat Negara Republik Indonesia},
	note={Lembaran Negara RI Tahun 2004 Nomor 116},
	location = {Jakarta},
	year = {2004},
}
@misc{uu36-2009,
	author = {Pemerintah Indonesia},
	title = {Undang-Undang Nomor 36 Tahun 2009 Tentang Kesehatan},
	organization = {Kementerian Sekretariat Negara Republik Indonesia},
	note={Lembaran Negara RI Tahun 2009 Nomor 144},
	location = {Jakarta},
	year = {2009},
}
@misc{uu44-2009,
	author = {Pemerintah Indonesia},
	title = {Undang-Undang Nomor 44 Tahun 2009 Tentang Rumah Sakit},
	organization = {Kementerian Sekretariat Negara Republik Indonesia},
	note={Lembaran Negara RI Tahun 2009 Nomor 153},
	location = {Jakarta},
	year = {2009},
}
@misc{uu38-2014,
	author = {Pemerintah Indonesia},
	title = {Undang-Undang Nomor 38 Tahun 2014 Tentang Keperawatan},
	organization = {Kementerian Sekretariat Negara Republik Indonesia},
	note={Lembaran Negara RI Tahun 2014 Nomor 307},
	location = {Jakarta},
	year = {2014},
}
@misc{perbup40-2021,
	author = {Pemerintah Kabupaten Belitung Timur},
	title = {Peraturan Bupati Belitung Timur Nomor 40 Tahun 2021 Tentang Indikator Kinerja Utama Pemerintah Kabupaten Belitung Timur Tahun 2021-2026},
	organization = {Sekretariat Daerah Kabupaten Belitung Timur},
	note={Berita Daerah Kabupaten Belitung Timur Tahun 2021 Nomor 40},
	location = {Manggar},
	year = {2021},
}
@misc{pp2-2018,
	author = {Pemerintah Indonesia},
	title = {Peraturan Pemerintah Republik Indonesia Nomor 2 Tahun 2018 Tentang Standar Pelayanan Minimal},
	organization = {Kementerian Sekretariat Negara Republik Indonesia},
	note={Lembaran Negara RI Tahun 2018 Nomor 2},
	location = {Jakarta},
	year = {2018},
}